@Book{xie2015,
  title = {Dynamic Documents with {R} and knitr},
  author = {Yihui Xie},
  publisher = {Chapman and Hall/CRC},
  address = {Boca Raton, Florida},
  year = {2015},
  edition = {2nd},
  note = {ISBN 978-1498716963},
  url = {http://yihui.name/knitr/},
}


@misc{center_for_data_science_and_public_policy_university_of_chicago_data_2018,
	title = {Data {Maturity} {Framework}},
	url = {http://www.datasciencepublicpolicy.org/home/resources/datamaturity/},
	urldate = {2020-06-10},
	journal = {Data Maturity Framework},
	author = {Center for Data Science {and} Public Policy, University of Chicago},
	year = {2018}
}
