
@misc{center_for_data_science_and_public_policy_university_of_chicago_data_2018,
	title = {Data {Maturity} {Framework}},
	url = {http://www.datasciencepublicpolicy.org/home/resources/datamaturity/},
	urldate = {2020-06-10},
	journal = {Data Maturity Framework},
	author = {Center for Data Science {and} Public Policy, University of Chicago},
	year = {2018}
}
